<record><leader>00000cas a22000007a 4500</leader><controlfield tag="001">43108681</controlfield><controlfield tag="008">991229d18931920sduwr ne      0    0eng d</controlfield><datafield ind1=" " ind2=" " tag="010"><subfield code="a">sn 99062031 </subfield></datafield><datafield ind1=" " ind2=" " tag="040"><subfield code="a">SXN</subfield><subfield code="b">eng</subfield><subfield code="c">SXN</subfield><subfield code="d">OCLCQ</subfield><subfield code="d">OCLCO</subfield></datafield><datafield ind1="1" ind2=" " tag="029"><subfield code="a">AU@</subfield><subfield code="b">000021267372</subfield></datafield><datafield ind1=" " ind2=" " tag="042"><subfield code="a">msc</subfield></datafield><datafield ind1=" " ind2=" " tag="043"><subfield code="a">n-us-sd</subfield></datafield><datafield ind1="0" ind2="4" tag="245"><subfield code="a">The Madison weekly sentinel.</subfield></datafield><datafield ind1=" " ind2=" " tag="260"><subfield code="a">Madison, S.D. :</subfield><subfield code="b">Frank L. Mease</subfield></datafield><datafield ind1=" " ind2=" " tag="300"><subfield code="a">v.</subfield></datafield><datafield ind1=" " ind2=" " tag="310"><subfield code="a">Weekly</subfield></datafield><datafield ind1="1" ind2=" " tag="362"><subfield code="a">Began in 1893.</subfield></datafield><datafield ind1="0" ind2=" " tag="362"><subfield code="a">-Dec. 10, 1920.</subfield></datafield><datafield ind1=" " ind2=" " tag="530"><subfield code="a">Available on microfilm from: State Archives, South Dakota State Historical Society.</subfield></datafield><datafield ind1=" " ind2=" " tag="588"><subfield code="a">Description based on: July 5, 1907.</subfield></datafield><datafield ind1=" " ind2="0" tag="651"><subfield code="a">Madison (S.D.)</subfield><subfield code="v">Newspapers.</subfield></datafield><datafield ind1=" " ind2="0" tag="651"><subfield code="a">Lake (S.D.)</subfield><subfield code="v">Newspapers.</subfield></datafield><datafield ind1=" " ind2=" " tag="752"><subfield code="a">United States</subfield><subfield code="b">South Dakota</subfield><subfield code="c">Lake</subfield><subfield code="d">Madison.</subfield></datafield><datafield ind1="0" ind2=" " tag="775"><subfield code="t">Madison daily sentinel (Madison, S.D. : Daily)</subfield><subfield code="w">(DLC)sn 99062032</subfield></datafield><datafield ind1="0" ind2="0" tag="780"><subfield code="t">Madison sentinel</subfield><subfield code="w">(DLC)sn 83025447</subfield></datafield><datafield ind1="0" ind2="0" tag="785"><subfield code="t">Madison daily sentinel (Madison, S.D. : Rural)</subfield><subfield code="w">(DLC)sn 99062033</subfield></datafield></record>